<record><leader>00000cas a2200000 a 4500</leader><controlfield tag="001">39245226</controlfield><controlfield tag="007">hd afb021bacp</controlfield><controlfield tag="007">hd bfb021baap</controlfield><controlfield tag="007">hd bfb021babp</controlfield><controlfield tag="008">980608d18831897fludn nea     0    0eng c</controlfield><datafield ind1=" " ind2=" " tag="010"><subfield code="a">sn 98026415 </subfield></datafield><datafield ind1=" " ind2=" " tag="040"><subfield code="a">FUG</subfield><subfield code="b">eng</subfield><subfield code="c">FUG</subfield><subfield code="d">OCLCQ</subfield><subfield code="d">INU</subfield><subfield code="d">OCLCQ</subfield><subfield code="d">OCLCF</subfield><subfield code="d">OCLCQ</subfield></datafield><datafield ind1=" " ind2=" " tag="012"><subfield code="i">9806</subfield></datafield><datafield ind1=" " ind2=" " tag="037"><subfield code="b">George A. Smathers Libraries, University of Florida, Preservation Office, Gainesville, FL 32611</subfield></datafield><datafield ind1=" " ind2=" " tag="042"><subfield code="a">pcc</subfield></datafield><datafield ind1=" " ind2=" " tag="043"><subfield code="a">n-us-fl</subfield></datafield><datafield ind1="0" ind2=" " tag="130"><subfield code="a">Florida times-union (Jacksonville, Fla. : 1883)</subfield></datafield><datafield ind1="1" ind2="4" tag="245"><subfield code="a">The Florida times-union.</subfield></datafield><datafield ind1=" " ind2=" " tag="260"><subfield code="a">Jacksonville [Fla.] :</subfield><subfield code="b">Charles H. Jones,</subfield><subfield code="c">1883-1897.</subfield></datafield><datafield ind1=" " ind2=" " tag="300"><subfield code="a">15 volumes :</subfield><subfield code="b">illustrations ;</subfield><subfield code="c">72 cm</subfield></datafield><datafield ind1=" " ind2=" " tag="310"><subfield code="a">Daily,</subfield><subfield code="b">&lt;1884&gt;-1897</subfield></datafield><datafield ind1=" " ind2=" " tag="321"><subfield code="a">Daily (except Monday),</subfield><subfield code="b">1883-</subfield></datafield><datafield ind1=" " ind2=" " tag="336"><subfield code="a">text</subfield><subfield code="b">txt</subfield><subfield code="2">rdacontent</subfield></datafield><datafield ind1=" " ind2=" " tag="337"><subfield code="a">microform</subfield><subfield code="b">h</subfield><subfield code="2">rdamedia</subfield></datafield><datafield ind1=" " ind2=" " tag="338"><subfield code="a">microfilm reel</subfield><subfield code="b">hd</subfield><subfield code="2">rdacarrier</subfield></datafield><datafield ind1="0" ind2=" " tag="362"><subfield code="a">No. 2,241 (Feb. 4, 1883)- ; -v. 32 (Sept. 8, 1897).</subfield></datafield><datafield ind1=" " ind2=" " tag="580"><subfield code="a">Merger of: Daily Florida union; and: Florida daily times.</subfield></datafield><datafield ind1=" " ind2=" " tag="580"><subfield code="a">Merged with: Daily Florida citizen; to form: Florida times-union and citizen.</subfield></datafield><datafield ind1=" " ind2=" " tag="580"><subfield code="a">Weekly eds.: Florida weekly times, 1883-1889; Florida weekly times-union, 1889; Weekly Florida times-union, 1889-1893; Weekly times-union, 1893-1895.</subfield></datafield><datafield ind1=" " ind2=" " tag="533"><subfield code="a">Microfilm.</subfield><subfield code="m">(Feb.-Dec. 1883):[Gaps]</subfield><subfield code="b">Gainesville, FL :</subfield><subfield code="c">George A. Smathers Libraries, University of Florida,</subfield><subfield code="d">1998.</subfield><subfield code="e">1 microfilm reel ; 35 mm.</subfield></datafield><datafield ind1=" " ind2=" " tag="539"><subfield code="a">d</subfield><subfield code="b">1883</subfield><subfield code="c">1883</subfield><subfield code="d">flu</subfield><subfield code="e">u</subfield><subfield code="f">u</subfield><subfield code="g">a</subfield></datafield><datafield ind1=" " ind2="0" tag="651"><subfield code="a">Jacksonville (Fla.)</subfield><subfield code="v">Newspapers.</subfield></datafield><datafield ind1=" " ind2="0" tag="651"><subfield code="a">Duval County (Fla.)</subfield><subfield code="v">Newspapers.</subfield></datafield><datafield ind1=" " ind2="7" tag="651"><subfield code="a">Florida</subfield><subfield code="z">Duval County.</subfield><subfield code="2">fast</subfield><subfield code="0">(OCoLC)fst01205260</subfield></datafield><datafield ind1=" " ind2="7" tag="651"><subfield code="a">Florida</subfield><subfield code="z">Jacksonville.</subfield><subfield code="2">fast</subfield><subfield code="0">(OCoLC)fst01205259</subfield></datafield><datafield ind1=" " ind2="7" tag="655"><subfield code="a">Newspapers.</subfield><subfield code="2">fast</subfield><subfield code="0">(OCoLC)fst01423814</subfield></datafield><datafield ind1=" " ind2=" " tag="752"><subfield code="a">United States</subfield><subfield code="b">Florida</subfield><subfield code="c">Duval</subfield><subfield code="d">Jacksonville.</subfield></datafield><datafield ind1="1" ind2=" " tag="775"><subfield code="t">Florida weekly times</subfield></datafield><datafield ind1="1" ind2=" " tag="775"><subfield code="t">Florida weekly times-union</subfield></datafield><datafield ind1="1" ind2=" " tag="775"><subfield code="t">Weekly Florida times-union</subfield></datafield><datafield ind1="1" ind2=" " tag="775"><subfield code="t">Weekly times-union</subfield></datafield><datafield ind1="0" ind2=" " tag="775"><subfield code="t">Evening telegram (Jacksonville, Fla.)</subfield></datafield><datafield ind1="0" ind2=" " tag="775"><subfield code="t">Evening times-union</subfield></datafield><datafield ind1="0" ind2=" " tag="775"><subfield code="t">Semi-weekly times-union</subfield><subfield code="g">1895-1897</subfield></datafield><datafield ind1="1" ind2=" " tag="776"><subfield code="c">Original</subfield><subfield code="w">(DLC)sn 83016286</subfield><subfield code="w">(OCoLC)9668213</subfield></datafield><datafield ind1="1" ind2="4" tag="780"><subfield code="t">Daily Florida union</subfield></datafield><datafield ind1="1" ind2="4" tag="780"><subfield code="t">Florida daily times</subfield></datafield><datafield ind1="1" ind2="7" tag="785"><subfield code="t">Daily Florida citizen</subfield></datafield><datafield ind1="1" ind2="7" tag="785"><subfield code="t">Florida times-union and citizen</subfield></datafield><datafield ind1=" " ind2=" " tag="850"><subfield code="a">FU</subfield><subfield code="a">FU (master)</subfield></datafield><datafield ind1="1" ind2=" " tag="029"><subfield code="a">AU@</subfield><subfield code="b">000014032902</subfield></datafield></record>